<?xml version="1.0" encoding="UTF-8"?><collection><record><leader>08260ntm a2200697 a 4500</leader><controlfield tag="001">006814117</controlfield><controlfield tag="003">MiAaHDL</controlfield><controlfield tag="005">20190719000000.0</controlfield><controlfield tag="006">m        d        </controlfield><controlfield tag="007">cr bn ---auaua</controlfield><controlfield tag="008">090608s16uu    xx            00| ||ota d</controlfield><datafield tag="035" ind1=" " ind2=" "><subfield code="a">(MiU)006814117</subfield></datafield><datafield tag="035" ind1=" " ind2=" "><subfield code="a">sdr-miu006814117</subfield></datafield><datafield tag="040" ind1=" " ind2=" "><subfield code="a">MiU</subfield><subfield code="c">MiU</subfield><subfield code="e">amremm</subfield></datafield><datafield tag="043" ind1=" " ind2=" "><subfield code="a">n-us-mi</subfield></datafield><datafield tag="100" ind1="1" ind2=" "><subfield code="6">880-01</subfield><subfield code="a">ʻAṭā'ī, ʻAṭā Allāh ibn Yaḥyā,</subfield><subfield code="d">active 17th century.</subfield></datafield><datafield tag="245" ind1="1" ind2="0"><subfield code="6">880-03</subfield><subfield code="a">[Divan-ı Atayi ve Divan-ı Nizâmî,</subfield><subfield code="f">17th century?].</subfield></datafield><datafield tag="246" ind1="3" ind2=" "><subfield code="i">Title from illuminated headpiece at opening on p.72:</subfield><subfield code="a">ديوان نظامى</subfield></datafield><datafield tag="246" ind1="3" ind2=" "><subfield code="i">Title from illuminated headpiece at opening on p.6:</subfield><subfield code="a">ديوان عطايى</subfield></datafield><datafield tag="260" ind1=" " ind2=" "><subfield code="c">[16--?].</subfield></datafield><datafield tag="300" ind1=" " ind2=" "><subfield code="a">84 leaves :</subfield><subfield code="b">paper ;</subfield><subfield code="c">198 x 116 (126 x 63) mm.</subfield></datafield><datafield tag="500" ind1=" " ind2=" "><subfield code="a">Shelfmark: Ann Arbor, University of Michigan, Special Collections Library, Isl. Ms. 850</subfield></datafield><datafield tag="500" ind1=" " ind2=" "><subfield code="a">Origin: Lacks dated colophon ; paper, decoration, etc. would suggest 17th century ; dated seal impression can suggest only a very rough terminus ante quem of 1765.</subfield></datafield><datafield tag="500" ind1=" " ind2=" "><subfield code="a">Accompanying materials: Slip with description and price of this manuscript cut from a seller's catalog "[ARABIC MANUSCRIPT]. ATTAYI. Divan, or Collection of poems. 84 leaves, double column, headings and titles in solid gold, each poem and page within heavily gilt borders, 2 'unwans in blue and gold. 20 by 11.2 cm., 12mo, contemporary goatskin. Arabia, xviii century. $17.50 Fine calligraphic example, charmingly executed. On the last blank leaf is a detailed flowered ornamental pencil outline in prepared for the illuminator, of interest as showing the method of work."</subfield></datafield><datafield tag="500" ind1=" " ind2=" "><subfield code="a">Former shelfmark: "46 . 47" in black ink on cover label.</subfield></datafield><datafield tag="500" ind1=" " ind2=" "><subfield code="a">Binding: Pasteboards (thin) covered in brown leather once edged in black leather (see traces on lower cover) ; Type III binding (without flap) ; board linings (doublures) in once marbled paper (mainly pink, yellow, etc.) ; upper and lower covers carry tooled border in a series of s-shaped stamps, originally in gold over black leather, now lost from many areas ; sewn in dark blue thread, two stations ; worked chevron endbands in pink and yellow, fairly good condition ; overall in fair condition with some abrasion, staining, moisture damage, lifting of leather, etc. ; spine repair in black leather (overlaping flanges visible).</subfield></datafield><datafield tag="500" ind1=" " ind2=" "><subfield code="a">Support: non-European (likely Persian or Indian) laid paper with 7 laid lines per cm. (mainly vertical but occasionally horizontal) and occasional chain lines visible, crisp and transluscent though sturdy, well-burnished to glossy, some leaves tinted pink or yellow ; flyleaves in European laid paper ; staining and tidelines.</subfield></datafield><datafield tag="500" ind1=" " ind2=" "><subfield code="a">Decoration: Splendid illuminated headpiece (ʻunwān / sarlawḥ) at opening of Divan-ı Atayi on p.6 consisting of rectangular piece with small gold cartouches carrying the title "ديوان عطايى" in black surrounded by swirling arabesques with floral accents in gold, light blue, and black on a lapis lazuli / cobalt ground, bordered in heavy gold band with delicate floral vegetal pattern in blue and black as well as narrower blue and gold bands defined by black fillets, entire piece surmounted by vertical stalks (tīgh) in blue ; another exquisite illuminated headpiece (ʻunwān / sarlawḥ) at opening of Divan-ı Nizâmî on p.72 consisting of rectangular piece carrying the title "ديوان نظامى" in black surrounded by delicate swirling arabesques with floral accents in gold, black, and light blue on grounds of gold and lapis lazuli / cobalt, entire piece bordered in a narrow gold band defined by black fillets and surmounted by vertical stalks (tīgh) in blue ; written area throughout surrounded by a gold frame defined by black fillets ; keywords and headings chrysographed.</subfield></datafield><datafield tag="500" ind1=" " ind2=" "><subfield code="a">Script: Naskh ; compact, bold Turkish hand ; partially but irregularly seriffed with right-sloping head-serifs on occasional ascenders (even free-standing alif), effect of tilt to the left, curvilinear descenders, freely ligatured, pointing (for two and three dots) in strokes rather than distinct dots, with three dots represented by a c-shaped stroke.</subfield></datafield><datafield tag="500" ind1=" " ind2=" "><subfield code="a">Layout: Written in 15 lines per page with written area divided to two columns ; frame-ruled.</subfield></datafield><datafield tag="500" ind1=" " ind2=" "><subfield code="a">Collation: ii, IV (8), V (18), IV (26), V (36), IV (44), V (54), IV (62), V (72), IV (80), II (84), i ; alternating quinions and quaternions ; leaves between the two works (pp.70-71) and at close (pp.171-172) ruled but left blank ; catchwords present ; pagination in pencil, Western numerals, supplied during digitization (includes flyleaves).</subfield></datafield><datafield tag="500" ind1=" " ind2=" "><subfield code="a">Incipit: [Divan-ı Atayi] "يينه عزم رزم قلدى سرور خاور كنش كم ديار هنده چكدى صبحدم لشكر كنش" ; [Divan-ı Nizâmî] "يا اشرف البرية يا سيد الوري اعلى الاله ذاتك قدرا ومنزلا "</subfield></datafield><datafield tag="500" ind1=" " ind2=" "><subfield code="a">Title supplied by cataloguer from inscription on 'title page' (p.5).</subfield></datafield><datafield tag="500" ind1=" " ind2=" "><subfield code="a">Ms. codex.</subfield></datafield><datafield tag="505" ind1="0" ind2=" "><subfield code="a">4. p.171-p.172 : [blank].</subfield></datafield><datafield tag="505" ind1="0" ind2=" "><subfield code="a">3. p.72-p.170 : Divan-ı Nizâmî / Karamanlı Nizâmî.</subfield></datafield><datafield tag="505" ind1="0" ind2=" "><subfield code="a">2. p.70-p.71 : [blank].</subfield></datafield><datafield tag="505" ind1="0" ind2=" "><subfield code="a">1. p.6-p.69 : Divan-ı Atayi / Nevizade Atayi Ataullah bin Yahya.</subfield></datafield><datafield tag="510" ind1="4" ind2=" "><subfield code="a">Bardakjian, K. A reference guide to modern Armenian literature, 1500-1920 : with an introductory history.</subfield><subfield code="c">p. 521</subfield></datafield><datafield tag="510" ind1="4" ind2=" "><subfield code="a">Fihris al-makhṭūṭāt al-Turkīyah al-ʻUthmānīyah allatī iqtanatʹhā Dār al-Kutub al-Qawmīyah mundhu ʻām 1870 ḥattá nihāyat 1980,</subfield><subfield code="c">v.2, p.103, no.1933</subfield></datafield><datafield tag="510" ind1="4" ind2=" "><subfield code="a">Türk dili ve edebiyatı ansiklopedisi (1977),</subfield><subfield code="c">v. 7 p.73-74</subfield></datafield><datafield tag="510" ind1="4" ind2=" "><subfield code="a">Cat. Turk. MSS. Brit. Mus.,</subfield><subfield code="c">p.195 f.</subfield></datafield><datafield tag="510" ind1="4" ind2=" "><subfield code="a">Fihris al-makhṭūṭāt al-Turkīyah al-ʻUthmānīyah allatī iqtanatʹhā Dār al-Kutub al-Qawmīyah mundhu ʻām 1870 ḥattá nihāyat 1980,</subfield><subfield code="c">v.2, p.82-83, no.1841</subfield></datafield><datafield tag="510" ind1="4" ind2=" "><subfield code="a">Türk dili ve edebiyatı ansiklopedisi (1977),</subfield><subfield code="c">v.7 p.43-45</subfield></datafield><datafield tag="520" ind1="8" ind2=" "><subfield code="a">Elegant copy of the Turkish dīvāns of two Ottoman poets, Nevizade Atayi Ataullah bin Yahya (d.1635) and Karamanlı Nizâmî (Şeyh Nizamettin b. Veliettin of Karaman, fl. 15th cent.).</subfield></datafield><datafield tag="538" ind1=" " ind2=" "><subfield code="a">Mode of access: Internet.</subfield></datafield><datafield tag="541" ind1=" " ind2=" "><subfield code="c">Gift ;</subfield><subfield code="a">purchased for the library by Colonel Thomas Spaulding for the Stephen Spaulding memorial collection (SS1852) ;</subfield><subfield code="d">Received: 3/1/1943.</subfield></datafield><datafield tag="546" ind1=" " ind2=" "><subfield code="a">Ottoman Turkish.</subfield></datafield><datafield tag="561" ind1=" " ind2=" "><subfield code="a">"SS" gold-stamped in lower cover ; former owners' marks include small circular seal impression with scalloped edge and inscription "ما شا الله ..." , inscription in Armenian dated 1833 in name of Mesrovp Dawt‘ean T‘ałiadean (Mesrop Tʻaghiadyan) who has gifted the book to Ałay Jasanay (Agha Tzasanah) "Ałay Jasanay Erewanc‘woy i nšan siroy nwireac‘ Mesrovp Dawt‘ean T‘ałiadean" (characterization and transcription provided by A. Vacca), and statement and large oval seal impression dated 1179 [1765 or 6] on 'title page' (p.5) in name of al-Ḥājj Muṣṭafá Ṣidqī (الحاج مصطفى صدقى / Hacı Mustafa Sıdki), inscription in seal reads "من متملكات الفقير الحاج مصطفى صدقى غفر له" ; floral vegetal design penciled on back flyleaf (p.174) ; also on back flyleaf, acquisitions details in pencil "MS + Papyri Rm. | Stephen Spaulding Mem Coll | Dawson | 3-1-43 | SS1852" ; fairly clean copy.</subfield></datafield><datafield tag="650" ind1=" " ind2="0"><subfield code="a">Manuscripts, Turkish</subfield><subfield code="z">Michigan</subfield><subfield code="z">Ann Arbor.</subfield></datafield><datafield tag="650" ind1=" " ind2="0"><subfield code="a">Turkish poetry</subfield><subfield code="y">17th century.</subfield></datafield><datafield tag="650" ind1=" " ind2="0"><subfield code="a">Turkish poetry</subfield><subfield code="y">15th century.</subfield></datafield><datafield tag="655" ind1=" " ind2="7"><subfield code="a">Headpieces (layout features)</subfield><subfield code="y">17th century.</subfield><subfield code="2">aat</subfield></datafield><datafield tag="700" ind1="0" ind2=" "><subfield code="a">Agha Tsasanah,</subfield><subfield code="d">fl. 1833,</subfield><subfield code="e">former owner.</subfield></datafield><datafield tag="700" ind1="1" ind2=" "><subfield code="a">Tʻaghiadyan, Mesrop D.</subfield><subfield code="q">(Mesrop Davtʻi),</subfield><subfield code="d">1803-1858,</subfield><subfield code="e">former owner.</subfield></datafield><datafield tag="700" ind1="0" ind2="2"><subfield code="6">880-05</subfield><subfield code="a">Karamanlı Nizâmî,</subfield><subfield code="d">15th cent.</subfield><subfield code="t">Divan.</subfield></datafield><datafield tag="740" ind1="0" ind2="2"><subfield code="a">Divan-ı Nizâmî</subfield></datafield><datafield tag="773" ind1="0" ind2=" "><subfield code="a">Stephen Spaulding Collection.</subfield></datafield><datafield tag="880" ind1="0" ind2="2"><subfield code="6">700-05/</subfield><subfield code="a">قرمانلى نظامى,</subfield><subfield code="t">ديوان.</subfield></datafield><datafield tag="880" ind1="1" ind2="0"><subfield code="6">245-03/</subfield><subfield code="a">[ديوان عطايى وديوان نظامى,</subfield><subfield code="f">القرن 17م؟].</subfield></datafield><datafield tag="880" ind1="1" ind2=" "><subfield code="6">100-01/</subfield><subfield code="a">.عطاء الله بن يحيى المعروف بنوعى زاده</subfield></datafield><datafield tag="CID" ind1=" " ind2=" "><subfield code="a">006814117</subfield></datafield><datafield tag="DAT" ind1="0" ind2=" "><subfield code="a">20190719102638.0</subfield><subfield code="b">20190719000000.0</subfield></datafield><datafield tag="DAT" ind1="1" ind2=" "><subfield code="a">20190719090653.0</subfield><subfield code="b">2019-07-19T16:11:45Z</subfield></datafield><datafield tag="DAT" ind1="2" ind2=" "><subfield code="a">2015-10-02T18:00:03Z</subfield></datafield><datafield tag="CAT" ind1=" " ind2=" "><subfield code="a">SDR-MIU</subfield><subfield code="d">EX LIBRIS - ALEPH</subfield><subfield code="l">prepare.pl-004-008</subfield></datafield><datafield tag="FMT" ind1=" " ind2=" "><subfield code="a">BK</subfield></datafield><datafield tag="HOL" ind1=" " ind2=" "><subfield code="0">sdr-miu006814117</subfield><subfield code="a">MiU</subfield><subfield code="b">SDR</subfield><subfield code="c">MIU</subfield><subfield code="p">mdp.39015079128743</subfield><subfield code="s">MIU</subfield><subfield code="1">006814117</subfield></datafield><datafield tag="974" ind1=" " ind2=" "><subfield code="b">MIU</subfield><subfield code="c">MIU</subfield><subfield code="d">20190719</subfield><subfield code="s">lit-dlps-dc</subfield><subfield code="u">mdp.39015079128743</subfield><subfield code="y">1699</subfield><subfield code="r">pd</subfield><subfield code="q">bib</subfield><subfield code="t">non-US bib date1 &lt; 1896</subfield></datafield></record></collection>